<?xml version="1.0" encoding="UTF-8"?><collection xmlns="http://www.loc.gov/MARC21/slim"><record><leader>00432nam--2200145-i-4500</leader><controlfield tag="001">000022252</controlfield><controlfield tag="002">20161230</controlfield><controlfield tag="005">20161230201034</controlfield><controlfield tag="008">060222s1000------------r-----000-0-eng-d</controlfield><datafield ind1=" " ind2=" " tag="080"><subfield code="a">539.2</subfield></datafield><datafield ind1=" " ind2=" " tag="100"><subfield code="a">Hietala, Jaakko</subfield></datafield><datafield ind1=" " ind2=" " tag="245"><subfield code="a">Alkali halide solid solutions. i properties of pure components</subfield></datafield><datafield ind1=" " ind2=" " tag="260"><subfield code="a">Helsinki, Suomalainen Tiedeakatemia, 1963, 11 P</subfield></datafield><datafield ind1=" " ind2=" " tag="490"><subfield code="a">Annales Academiae Scientiarum Fennicae, Series A</subfield></datafield><datafield ind1=" " ind2=" " tag="852"><subfield code="a">6361</subfield></datafield></record></collection>